% Encoding: windows-1252

@Article{WuF14,
  author  = {Falin Wu and Yan Zhao and Hengyang Zhao and Haibo Zhong},
  title   = {Development of a Wearable-Sensor-Based Fall Detection System},
  journal = {International Journal of Telemedecine and Applications},
  year    = {2014},
  issue   = {1},
  pages   = {11},
}

@Conference{Sud,
  author = {B. G. Sudarshan and Hedge Raveendra and Kumar C. Prasanna and B. S. Satyanarayana},
  title  = {Design and Developmet of Fall Detector Using Fall Acceleration},
  year   = {2013},
  pages  = {57-61},
}

@Conference{Par03,
  author = {Sungmee Park and Sundaresan Jayaraman},
  title  = {Enhancing the Quality of Life Through Wearable Technology},
  year   = {2003},
  pages  = {41-48},
}

@Periodical{Mar11,
  editor = {John Paul Emerson S Marinas and Jason Rafael A. Maddunba and Rafael J. Consunji and Daniel A Dela Paz Jr.},
  title  = {A Profile of deaths among trauma patients in a university hospital: The Philippine experience},
  year   = {2011},
  date   = {2011-07-03},
  pages  = {85-89},
}

@Conference{LiQ09,
  author = {Qiang Li and Mark A. Hanson and John A. Stankovic and Adam T Barth and John Lach},
  title  = {Accurate, Fast Fall Detection Using Gyroscopes and Accelerometer-Derived Posture Information},
  year   = {2009},
}

@Conference{LiQ091,
  author = {Qiang Li and John A. Stankovic and Mark Hanson and Adam Barth and John Lach},
  title  = {Accurate, Fast Fall Detection Using Gyroscope and Accelerometer-Derived Posture Information},
  year   = {2009},
}

@Conference{Kaz14,
  author = {Suleman B Kazi and Sherjeel Sikander and Sandia Yousafzai},
  title  = {Fall Detection Using Single Tri-Axial Accelerometer},
  year   = {2014},
}

@Conference{Jov05,
  author = {Emil Jovanov and Aleksandar Milenkovic and Chris Otto and Piet C. De Groen},
  title  = {A Wireless Body Area Network of Intelligent Motion Sensors for Computer Assisted Physical Rehabilitation},
  year   = {2005},
}

@Online{Igu13,
  author = {Raul Igual and Carlos Medrano and Inmaculada Plaza},
  title  = {Challenges, issues and trens in fall detection systems},
  year   = {2013},
  url    = {http://www.biomedical-engineering-online.com/content/12/1/66},
}

@Conference{Huy13,
  author = {Quoc T. Huynh and Uyen D. Nguyen and Su V. Tran and Afshin Nabili and Binh Q Tran},
  title  = {Fall Detection System Using Combination accelerometer and Gyroscope},
  year   = {2013},
}

@Conference{Her13,
  author = {A. Hermanis and K. Nesenbergs and R. Cacrus and M. Greitans},
  title  = {Wearable Posture Monitoring System with Biofeedback via Smartphone},
  year   = {2013},
  pages  = {40-44},
}

@Conference{Gur14,
  author = {Koray and Gurkan and Guray Gurkan and Ahmet Anil Dindar and Burak Akpinar and Engin Gulal},
  title  = {Wireless 3-Axis Acelerometer System for Measuring of Structural Displacement},
  year   = {2014},
  pages  = {403-406},
}

@Conference{Gur,
  author = {Koray Gurkan and Guray Gurkan and Ahmet Amt Dindar and Burak Akpmar and Engin Gulal},
  title  = {Wireless 3-Axis Accelerometer System for Measurement of Structural Displacement},
}

@Article{Gue,
  author  = {Daffodils G Guevarra and Teresita Joy P Evangelista},
  title   = {The Incidence and Identification of Risk Factors for Falls among Filipini Elederly Person in a Nursing Home Facility and at the Rehabilitation Medicine Out-Patient Department of the Philippine General Hospital},
  journal = {ACTA MEDICA PHILIPPINA},
  year    = {2010},
}

@Conference{Fot14,
  author = {Emma Fotune and Vipul A. Lugade and Kenton R. Kaufman},
  title  = {Posture and Movement Classification: The Comparison of Tri-Axial Accelerometer Numbers and Anatomicl Placement},
  year   = {2014},
  pages  = {1-8},
}

@Periodical{Cri14,
  editor = {Sheila Crisostomo},
  title  = {Fall Accidents 5th leading cause of Phl kids' deaths},
  year   = {2014},
  date   = {2014-07-06},
}

@Online{eGi181,
  author = {e-Gizmo Mechatronix Central},
  title  = {SSWSPST2P},
  year   = {2018},
  url    = {http://www.e-gizmo.net/oc/index.php?route=product/product&product_id=685&search=push+button},
}

@Online{Cir181,
  author = {Circuitrocks},
  title  = {SD Card Socket Module},
  year   = {2018},
  url    = {https://circuit.rocks/sd-card-socket-module-arduino?search=SD%20Card%20Socket&description=true},
}

@Online{eGi183,
  author = {e-Gizmo Mechatronix Central},
  title  = {Rocker Switch},
  year   = {2018},
  url    = {http://www.e-gizmo.net/oc/index.php?route=product/product&product_id=46879&search=switch&page=5},
}

@Online{eGi18,
  author = {e-Gizmo Mechatronix Central},
  title  = {Piezo Buzzer},
  year   = {2018},
  url    = {http://www.e-gizmo.net/oc/index.php?route=product/product&product_id=46909&search=piezo+buzzer},
}

@Online{Saf18,
  author = {Safran Colibrys SA},
  title  = {MEMS Accelerometers},
  year   = {2018},
  url    = {https://ww.colibrys.com/c/technology/mems-accelerometers/},
}

@Online{eGi184,
  author = {e-Gizmo Mechatronix Central},
  title  = {LED 10mm},
  year   = {2018},
  url    = {http://www.e-gizmo.net/oc/index.php?route=product/product&product_id=1011&search=red+LED},
}

@Online{Cir182,
  author = {Circuitrocks},
  title  = {IMU 10DOF MPU60050 + HMC5883L + BMP085},
  year   = {2018},
  url    = {https://circuit.rocks/imu-10dof-mpu6050-hmc5883l-bmp085.html?search=MPU6050&description=true},
}

@Online{Cir18,
  author = {Circuitrocks},
  title  = {GSM GPS GPRS SMS SIM808 CROWTAIL},
  year   = {2018},
  url    = {https://circuit.rocks/gsm-gps-gprs-sms-sim808-crowtail.html},
}

@Article{Cam17,
  author = {Cambridge University Press},
  title  = {Fall},
  year   = {2017},
}

@Online{eGi182,
  author = {e-Gizmo Mechatronix Central},
  title  = {Battery Clip for 9V},
  year   = {2018},
  url    = {http://www.e-gizmo.net/oc/index.php?route=product/product&product_id=924&search=9v+battery},
}

@Online{Int18,
  author = {Intel},
  title  = {Arduino 101},
  year   = {2018},
  url    = {https://store.arduino.cc/usa/arduino-101},
}

@Online{eGi185,
  author = {e-Gizmo Mechatronix Central},
  title  = {300 Ohms resistor},
  year   = {2018},
  url    = {http://www.e-gizmo.net/oc/index.php?route=product/product&product_id=45276&search=300+ohm+resistor},
}

@Comment{jabref-meta: databaseType:biblatex;}
